@ARTICLE{Viggiato,
  author={Viggiato, Markos and Paas, Dale and Buzon, Chris and Bezemer, Cor-Paul},
  journal={IEEE Transactions on Software Engineering}, 
  title={Identifying Similar Test Cases That Are Specified in Natural Language}, 
  year={2023},
  volume={49},
  number={3},
  pages={1027-1043},
  doi={10.1109/TSE.2022.3170272}}

@INPROCEEDINGS{Sutar,
  author={Sutar, Shantanu and Kumar, Rajesh and Pai, Sriram and BR, Shwetha},
  booktitle={2020 International Conference on Intelligent Engineering and Management (ICIEM)}, 
  title={Regression Test cases selection using Natural Language Processing}, 
  year={2020},
  volume={},
  number={},
  pages={301-305},
  doi={10.1109/ICIEM48762.2020.9160225}}

@inproceedings{Li,
author = {Li, Linyi and Li, Zhenwen and Zhang, Weijie and Zhou, Jun and Wang, Pengcheng and Wu, Jing and He, Guanghua and Zeng, Xia and Deng, Yuetang and Xie, Tao},
title = {Clustering test steps in natural language toward automating test automation},
year = {2020},
isbn = {9781450370431},
publisher = {Association for Computing Machinery},
address = {New York, NY, USA},
url = {https://doi.org/10.1145/3368089.3417067},
doi = {10.1145/3368089.3417067},
booktitle = {Proceedings of the 28th ACM Joint Meeting on European Software Engineering Conference and Symposium on the Foundations of Software Engineering},
pages = {1285â€“1295},
numpages = {11},
keywords = {software testing, natural language processing, Clustering},
location = {Virtual Event, USA},
series = {ESEC/FSE 2020}
}